<?xml version="1.0" encoding="UTF-8"?><collection xmlns="http://www.loc.gov/MARC21/slim"><record><leader>00327nam--2200121-i-4500</leader><controlfield tag="001">000002858</controlfield><controlfield tag="002">20161230</controlfield><controlfield tag="005">20161230201025</controlfield><controlfield tag="008">060222s1000------------r-----000-0-eng-d</controlfield><datafield ind1=" " ind2=" " tag="100"><subfield code="a">Brown, T.B</subfield></datafield><datafield ind1=" " ind2=" " tag="245"><subfield code="a">Electronics. a textbook for students in scienc e and engineering</subfield></datafield><datafield ind1=" " ind2=" " tag="260"><subfield code="a">New York, John Wiley, 1954</subfield></datafield><datafield ind1=" " ind2=" " tag="490"><subfield code="a">Xi + 545 P</subfield></datafield></record></collection>